@article{schmidt2014inclusion,
  title={Inclusion of trial functions in the Langevin equation path integral ground state method: Application to parahydrogen clusters and their isotopologues},
  author={Schmidt, Matthew and Constable, Steve and Ing, Christopher and Roy, Pierre-Nicholas},
  journal={The Journal of chemical physics},
  volume={140},
  number={23},
  pages={234101},
  year={2014},
  publisher={AIP Publishing}
}
@article{issack2007semiclassical,
  title={Semiclassical initial value representation treatment of a hydrogen bonded complex of rigid water molecules from a single trajectory in Cartesian coordinates},
  author={Issack, Bilkiss B and Roy, Pierre-Nicholas},
  journal={The Journal of chemical physics},
  volume={127},
  number={14},
  pages={144306},
  year={2007},
  publisher={AIP Publishing}
}
@article{thoss2004semiclassical,
  title={Semiclassical description of molecular dynamics based on initial-value representation methods},
  author={Thoss, Michael and Wang, Haobin},
  journal={Annu. Rev. Phys. Chem.},
  volume={55},
  pages={299--332},
  year={2004},
  publisher={Annual Reviews}
}
@article{wang2001generalized,
  title={Generalized Filinov transformation of the semiclassical initial value representation},
  author={Wang, Haobin and Manolopoulos, David E and Miller, William H},
  journal={The Journal of Chemical Physics},
  volume={115},
  number={14},
  pages={6317--6326},
  year={2001},
  publisher={AIP Publishing}
}
@article{kay2006herman,
  title={The Herman--Kluk approximation: Derivation and semiclassical corrections},
  author={Kay, Kenneth G},
  journal={Chemical physics},
  volume={322},
  number={1},
  pages={3--12},
  year={2006},
  publisher={Elsevier}
}
@article{ceperley1995path,
  title={Path integrals in the theory of condensed helium},
  author={Ceperley, David M},
  journal={Reviews of Modern Physics},
  volume={67},
  number={2},
  pages={279},
  year={1995},
  publisher={APS}
}
@article{sarsa2000path,
  title={A path integral ground state method},
  author={Sarsa, A and Schmidt, KE and Magro, WR},
  journal={The Journal of Chemical Physics},
  volume={113},
  number={4},
  pages={1366--1371},
  year={2000},
  publisher={AIP Publishing}
}
@article{cuervo2005path,
  title={Path integral ground state with a fourth-order propagator: Application to condensed helium},
  author={Cuervo, Javier E and Roy, Pierre-Nicholas and Boninsegni, Massimo},
  journal={The Journal of chemical physics},
  volume={122},
  number={11},
  pages={114504},
  year={2005},
  publisher={AIP Publishing}
}
@article{constable2013langevin,
  title={Langevin Equation Path Integral Ground State},
  author={Constable, Steve and Schmidt, Matthew and Ing, Christopher and Zeng, Tao and Roy, Pierre-Nicholas},
  journal={The Journal of Physical Chemistry A},
  volume={117},
  number={32},
  pages={7461--7467},
  year={2013},
  publisher={ACS Publications}
}
@article{hinsen2000molecular,
  title={The molecular modeling toolkit: a new approach to molecular simulations},
  author={Hinsen, Konrad},
  journal={Journal of Computational Chemistry},
  volume={21},
  number={2},
  pages={79--85},
  year={2000},
  publisher={Wiley Online Library}
}
@article{iouchtchenko2014particle,
  title={Particle Entanglement in Quantum Clusters: Renyi Entropy via the Permutation Operator},
  author={Iouchtchenko, Dmitri and Roy, Pierre-Nicholas},
  year={2014}
}