@article{beerwerth2015krylov,
  title={Krylov subspace methods for the Dirac equation},
  author={Beerwerth, Randolf and Bauke, Heiko},
  journal={Computer Physics Communications},
  volume={188},
  pages={189--197},
  year={2015},
  publisher={Elsevier}
}
